@misc{paper,
  title = "First-order Methods Almost Always Avoid Saddle Points",
  author = "Jason D. Lee and Ioannis Panageas and Georgios Piliouras and Max Simchowitz and Michael I. Jordan and Benjamin Recht",
  journal = "arXiv preprint arXiv:1710.07406",
  year = "2017"
}

@misc{paper2,
  title = "Gradient Descent Can Take Exponential Time to Escape Saddle Points",
  author = "Simon S. Du and Chi Jin and Jason D. Lee and Michael I. Jordan and Barnabás Póczos and Aarti Singh",
  journal = "arXiv preprint arXiv:1705.10412",
  year = "2017"
}