@misc{paper,
  title = "Towards Understanding the Role of Over-Parametrization in Generalization of Neural Networks",
  author = "Behnam Neyshabur and Zhiyuan Li and Srinadh Bhojanapalli and Yann LeCun and Nathan Srebro",
  journal = "arXiv preprint arXiv:1805.12076",
  year = "2018"
}

@book{foundations,
  title = "Foundations of machine learning",
  author = "Mehryar Mohri and Afshin Rostamizadeh and Ameet Talwalkar",
  publisher = "MIT press",
  year = "2012"
}

@misc{hoeffdingmcdiarmid,
  title = "Concentration Inequalities: Hoeffding and McDiarmid",
  author = "Galen Reeves",
  year = "2008",
  institution = "UC Berkeley"
}

@inbook{concentration,
  title = "Concentration of Measure",
  author = "John Lafferty and Han Liu and Larry Wasserman",
  chapter = "7",
  publisher = "Carnegie Mellon University",
  year = "2008-2010"
}